@article{PHRIDVIRAJ2014255,
title = "Data Mining – Past, Present and Future – A Typical Survey on Data Streams",
journal = "Procedia Technology",
volume = "12",
pages = "255 - 263",
year = "2014",
note = "The 7th International Conference Interdisciplinarity in Engineering, INTER-ENG 2013, 10-11 October 2013, Petru Maior University of Tirgu Mures, Romania",
issn = "2212-0173",
doi = "https://doi.org/10.1016/j.protcy.2013.12.483",
url = "http://www.sciencedirect.com/science/article/pii/S2212017313006683",
author = "M.S.B. PhridviRaj and C.V. GuruRao",
keywords = "Clustering, Streams, Mining, Dimensionality reduction, Text stream, Data streams"
}